<record><leader>00000cas a2200000 a 4500</leader><controlfield tag="001">9625223</controlfield><controlfield tag="008">830620d18902002mdudn ne      0    0eng  </controlfield><datafield ind1=" " ind2=" " tag="010"><subfield code="a">sn 83016207 </subfield></datafield><datafield ind1=" " ind2=" " tag="040"><subfield code="a">DLC</subfield><subfield code="b">eng</subfield><subfield code="c">DLC</subfield><subfield code="d">MFN</subfield><subfield code="d">DLC</subfield><subfield code="d">OCLCQ</subfield></datafield><datafield ind1=" " ind2=" " tag="042"><subfield code="a">pcc</subfield></datafield><datafield ind1=" " ind2=" " tag="043"><subfield code="a">n-us-md</subfield></datafield><datafield ind1="0" ind2="0" tag="050"><subfield code="a">Newspaper 7002</subfield></datafield><datafield ind1="0" ind2=" " tag="130"><subfield code="a">News (Frederick, Md. : Daily)</subfield></datafield><datafield ind1="1" ind2="4" tag="245"><subfield code="a">The news.</subfield></datafield><datafield ind1="3" ind2="0" tag="246"><subfield code="a">Daily news</subfield></datafield><datafield ind1=" " ind2=" " tag="260"><subfield code="a">Frederick, Md. :</subfield><subfield code="b">Great Southern Ptg. &amp; Mfg. Co.</subfield></datafield><datafield ind1=" " ind2=" " tag="300"><subfield code="a">v.</subfield></datafield><datafield ind1=" " ind2=" " tag="310"><subfield code="a">Daily (except Sunday)</subfield></datafield><datafield ind1="0" ind2=" " tag="362"><subfield code="a">Vol. 13, no. 262 (Aug. 20, 1890)-</subfield></datafield><datafield ind1="1" ind2=" " tag="362"><subfield code="a">Ceased Mar. 29, 2002.</subfield></datafield><datafield ind1=" " ind2=" " tag="580"><subfield code="a">Merged with: Frederick post, to form: Frederick news post.</subfield></datafield><datafield ind1=" " ind2=" " tag="752"><subfield code="a">United States</subfield><subfield code="b">Maryland</subfield><subfield code="c">Frederick</subfield><subfield code="d">Frederick.</subfield></datafield><datafield ind1="0" ind2=" " tag="775"><subfield code="t">News (Frederick, Md. : Semiweekly)</subfield><subfield code="w">(DLC)sn 89060246</subfield></datafield><datafield ind1="0" ind2="0" tag="780"><subfield code="t">Daily news (Frederick, Md.)</subfield><subfield code="w">(DLC)sn 89061523</subfield></datafield><datafield ind1="1" ind2="7" tag="785"><subfield code="t">Frederick post</subfield><subfield code="w">(DLC)sn 83016691</subfield><subfield code="w">(OCoLC)9977690</subfield></datafield><datafield ind1="1" ind2="7" tag="785"><subfield code="t">Frederick news post</subfield><subfield code="w">(DLC)sn2002058145</subfield><subfield code="w">(OCoLC)50705071</subfield></datafield><datafield ind1="1" ind2=" " tag="029"><subfield code="a">AU@</subfield><subfield code="b">000020420908</subfield></datafield></record>